
@article{ArticleCitation,
  title={Article Title},
  author={Article Author},
  journal={Article Journal},
  year={1999},
  pages={1-42}
}

@online{OnlineCitation,
  author = {Online Author},
  title = {Online Title},
  url = {Online URL}
}

@inproceedings{
ProceedingsCitation,
title={Proceedings Title},
booktitle={Proceedings Conference Title},
year={1999},
url={Proceedings URL}
}

@phdthesis{PhDThesisCitation,
  title={PhD Thesis Title},
  author={PhD Thesis Author},
  year={1999},
  school={PhD Thesis School Name}
}
